@inproceedings{head_tutorons_2015,
	title = {Tutorons: Generating Context-Relevant, On-Demand Explanations and Demonstrations of Online Code},
	booktitle = {VL/HCC '15},
	author = {Head, Andrew and Appachu, Codanda and Hearst, Marti A. and Hartmann, Bj√∂rn},
}


@inproceedings{brandt_two_2009,
	title = {Two Studies of Opportunistic Programming: Interleaving Web Foraging, Learning, and Writing Code},
	booktitle = {CHI '09},
	author = {Brandt, Joel and Guo, Philip J. and Lewenstein, Joel and Dontcheva, Mira and Klemmer, Scott R.},
}
